@misc{levitt-the-changing-relationship,
  author = "Steven D. Levitt",
  title = "{The Changing Relationship between Income and Crime Victimization}",
  url = "http://pricetheory.uchicago.edu/levitt/Papers/LevittTheChangingRelationship1999.pdf",
  year = 1999,
  month = "September",
}
